@online{SPI_SSI,
author = {Michael Borko},
title = {IndInf02 - Intercommunication (SSI/SPI)},
year = {2014},
url = {https://elearning.tgm.ac.at/mod/assign/view.php?id=29470},
OPTsubtitle = {},
OPTtitleaddon = {},
OPTlanguage = {english},
OPTversion = {1},
OPTnote = {},
OPTorganization = {TGM - Technisches Gewerbe Museum},
OPTdate = {15-10-2014},
OPTmonth = {October},
OPTaddendum = {},
OPTpubstate = {},
OPTurldate = {15-10-2014},
}

@online{SPI_expl,
author = {MikeGrusin},
title = {Serial Peripheral Interface (SPI)},
year = {2014},
url = {https://learn.sparkfun.com/tutorials/serial-peripheral-interface-spi},
OPTsubtitle = {},
OPTtitleaddon = {},
OPTlanguage = {english},
OPTversion = {1},
OPTnote = {},
OPTorganization = {sparkfun},
OPTdate = {15-10-2014},
OPTmonth = {October},
OPTaddendum = {},
OPTpubstate = {},
OPTurldate = {15-10-2014},
}

Bei: Linking Ãœberschrift

http://stackoverflow.com/questions/10217564/solved-cant-create-database-link-to-remote-db-in-oracle-db/10218857#10218857

allgemein oracle documentation:

http://docs.oracle.com/cd/E17781_01/index.htm

http://docs.oracle.com/cd/E17781_01/admin.112/e18585/toc.htm#XEGSG101

